@INCOLLECTION{ssformation,
       author = {{Raymond}, S.~N. and {Izidoro}, A. and {Morbidelli}, A.},
        title = "Solar System Formation in the Context of Extrasolar Planets",
     keywords = {Astrophysics - Earth and Planetary Astrophysics, Astrophysics - Solar and Stellar Astrophysics},
    booktitle = {Planetary Astrobiology},
         year = 2020,
       editor = {{Meadows} and {Arney} and {Schmidt} and {Des Marais}},
        pages = {287},
          doi = {10.2458/azu_uapress_9780816540068}
}

@article{plausibility,
  author = {Hogg, David W.},
  title = {Is cosmology just a plausibility argument?},
  journal = {arXiv},
  volume = {0910.3374},
  year = {2009}
}
